@book{Russell:SpacePhysics,
author = {Russell, C. T. and Luhmann, J. G. and Strangeway, R. J.},
address = {Cambridge, United Kingdom},
booktitle = {Space physics: An Introduction},
isbn = {9781107098824},
keywords = {Astrophysics ; Outer space ; Solar wind ; Sun ; Space plasmas ; Planets},
language = {eng},
publisher = {Cambridge University Press},
title = {Space physics: An Introduction },
year = {2016},
}

@article{Louran:2015,
    author = {Louran,P. and Adndre, N. and Jackman, C.M. \etal and et al.},
    title = {Magnetic Reconnection and Associated Transient Phenomena Within the Magnetospheres of Jupiter and Saturn},
    journal =  {Space Sci Rev},
    volume = {187},
    year = {2015},
    pages = {181-227},
}

@book{Dessler:Jovian,
    author = {Dessler, A},
    title = {Physics of the Jovian Magnetosphere},
    publisher = {Cambridge University Press},
    year = 1983
}

@article{Badman:2023,
    author = {Xu, Y. and Yao, Z.H. and Zhang, B. and Delamere, P.A. and Ray, L.C. and Dunn, W.R. and Badman, S.V. and Feng, E.H. and Zheng, Z.Q. and Bolton, S.J. and Grodent, D. and Bonfond, B. and Wei, Y.} ,
    title = {On the Relation Between Jupiter's Auroroa and the Dawnside Current Sheet},
    journal = {Geophysical Research Letters},
    volumne = 50,
    issue = 13,
    year = 2023
}

@article{Badman:2017,
    author = {Nichols, J.D. and Badman, S.V. and Bagenal, F and Bolton, S.J. and Bondford, B. and Bunce, E.J. and Clarke, J.T. and Connerny, J.E.P and Cowley, S.W.H and Ebert, R.W. and Fujimoto, M. and G\'erard, J.-C. and Gladstone, G.R. and Grodent, D. and Kimura, T. and Kurth, W.S. and Mauk, W.S. and Murakami, G. and McComas, D.J. and Orton, G.S. and Radioti, A. and Stallard, T.S. and Tao, C. and Valek, P.W. and Wilson, R.J. and Yamazaki, A. and Yoshikawa, I.},
    title = {Response of Jupiter's auroras to conditions in the interplanetary medium as measured by the Hubble Space Telescope and Juno},
    journal = {Geophysical Research Letters},
    year = 2017,
    Volume = 44,
    issue = 15,
    pages = {7643-7652}
}

@article{VOISE-Algorithm,
    author = {Guio, P. and Achilleos, N.},
    title = {The VOISE algorithm: a versatile tool for automatic segmentation of astronomical images},
    journal = {Monthly Notices of the Royal Astronomical Society},
    volume = {398},
    number = {3},
    pages = {1254-1262},
    year = {2009},
    month = {09},
    issn = {0035-8711},
    doi = {10.1111/j.1365-2966.2009.15218.x},
    url = {https://doi.org/10.1111/j.1365-2966.2009.15218.x},
    eprint = {https://academic.oup.com/mnras/article-pdf/398/3/1254/4089529/mnras0398-1254.pdf},
}

@mastersthesis{VOISE-Aurora-Tool,
    author = {Nagoshi, Y},
    title = {Planetary Aurora Imaging},
    school = {UiT Norges arktiske universitet},
    year = 2021
}

@article{Counts-kR-GUSTIN,
    author = {Gustin, J and Bondford, B and Grodent, D and GÃ©rard, JC},
    title = {Conversion from HST ACS and STIS auroral counts into brightness, precipitated power, and radiated power for H2 giant planets},
    journal = {Journal of Geophysical Research Space Physics},
    year = 2012
}