@article{APIS,
  publisher = {PADC, Observatoire de Paris},

  title = {APIS/HST data collection},
  volume = {},
  url = {https://doi.org/10.25935/T184-3B87},
  year = {2021}
}

